


% related refrences

@inproceedings{ Sheng,
	author = "Sheng Li and Nikos Vlassis and Jaya Kawale and Yun Fu",
	title = "Matching via Dimen-sionality Reduction
	for Estimation of Treatment Effects in Digital Marketing Campaigns",
	booktitle = "International Joint Conference on Artificial Intelligence",
	year = "2016"
}
@article{PaulR,
	author = "Paul R Rosenbaum",
	title = "Model-based direct adjustment",
	journal = "Journal of the American Statistical Association",
	year = "1987"
}

@article{PaulRD,
	author = "Paul R Rosenbaum and Donald B Rubin.",
	title = "The central role of the propensity score in observational studies for causal effects",
	journal = "Biometrika",
	year = "1983"
}



@article{TEDEV,
	author="Weijia Zhang and Lin Liu and Jiuyong Li",
	title="Treatment effect estimation with disentangled latent factors",
	
	journal="Proceedings of the AAAI Conference on Artificial Intelligence",
	
	year="2021",
	
	
}


@article{CEVAE,
	author="Christos Louizos and Uri Shalit and Joris Mooij and David Sontag and Richard Zemel and Max Welling",
	title="Causal effect inference with deep latent-variable models",
	
	journal="Advances in neural information processing systems",
	
	year="2017",
	
	
}



@article{SITE,
	author="Liuyi Yao and Sheng Li and Yaliang Li and Mengdi Huai and Jing Gaoand Aidong Zhang",
	title="Representation learning for treatment effect estimation from observational data",
	
	journal="Advances in neural information processing systems",
	
	year="2018",
	
	
}


@inproceedings{ Negar,
	author = "Negar Hassanpour and Russell Greiner",
	title = "Learning disentangled representations for counterfactual regression",
	booktitle = "International Conference on Learning Representations",
	year = "2019"
}



@inproceedings{ Johansson,
	author = "Fredrik D. Johansson and Uri Shalit and David Sontag",
	title = "Learning representations for counterfactual inference",
	booktitle = "International Conference on Machine Learning",
	year = "2016"
}


@inproceedings{ UriSha,
	author = "Uri Shalit and  Fredrik D. Johansson and David Sontag",
	title = "Estimating individual treatment effect: generalization bounds and algorithms",
	booktitle = "International Conference on Machine Learning",
	year = "2017"
}

@article{Negar_2,
	author="Negar Hassanpour and Russell Greiner",
	title="Counterfactual regression with importance sampling weights",
	
	journal= "International Joint Conference on Artificial Intelligence",
	year ="2019"
	
}

@inproceedings{vowels2021targeted,
	title={Targeted VAE: Variational and targeted learning for causal inference},
	author={Vowels, Matthew J and Camgoz, Necati Cihan and Bowden, Richard},
	booktitle={2021 IEEE International Conference on Smart Data Services (SMDS)},
	year={2021},
}

@article{JimenezRezende2018TamingV,
	title={Taming VAEs},
	author={Danilo Jimenez Rezende and Fabio Viola},
	journal={ArXiv},
	year={2018},
	volume={abs/1810.00597}
}

@article{Boom2020DynamicNO,
	title={Dynamic Narrowing of VAE Bottlenecks Using GECO and L0 Regularization},
	author={Cedric De Boom and Samuel T. Wauthier and Tim Verbelen and B. Dhoedt},
	journal={2021 International Joint Conference on Neural Networks (IJCNN)},
	year={2020},
	pages={1-8}
}



@inproceedings{louizos2018learning,
	title={Learning Sparse Neural Networks through L\_0 Regularization},
	author={Louizos, Christos and Welling, Max and Kingma, Diederik P},
	booktitle={International Conference on Learning Representations},
	year={2018}
}





@inproceedings{
	bonheme2023the,
	title={The Polarised Regime of identifiable Variational Autoencoders},
	author={Lisa Bonheme and Marek Grzes},
	booktitle = {International Conference on Learning Representations},
	year={2023}
	
}

@article{Fisher,
	author="Aaron Fisher and Cynthia Rudin and Francesca Dominici",
	title="All Models are Wrong, but Many are Useful: Learning a Variable's Importance by Studying an Entire Class of Prediction Models Simultaneously",
	
	journal="The Journal of Machine Learning Research",
	year="2018"
	
}


@inproceedings{VAE,
	author       = {Diederik P. Kingma and Max Welling},
	title        = {Auto-Encoding Variational Bayes},
	booktitle    = {2nd International Conference on Learning Representations},
	year         = {2014}	
}


@book{Imbens,
	title="Causal Inference for Statistics, Social, and Biomedical Sciences: An Introduction",
	author="Guido W. Imbens and Donald B. Rubin",
	year="2015",
	Publisher="Cambridge University Press"
}


@article{ Decomp,
	author = "Kun Kuang and Peng Cui and Bo Li and Meng Jiang and Shiqiang Yang and Fei Wang",
	title = "Treatment Effect Estimation with Data-Driven Variable Decomposition",
	journal = "AAAI Conference on Artificial Intelligence",
	
	year = "2017"
}

@inproceedings{Khan2024OnTE,
	title={On the Effects of Irrelevant Variables in Treatment Effect Estimation with Deep Disentanglement},
	author={Ahmad Saeed Khan and Erik Schaffernicht and Johannes Andreas Stork},
	booktitle={European Conference on Artificial Intelligence},
	year={2024}
}

@article{SITE,
	author="Liuyi Yao and Sheng Li and Yaliang Li and Mengdi Huai and Jing Gaoand Aidong Zhang",
	title="Representation learning for treatment effect estimation from observational data",
	
	journal="Advances in neural information processing systems",
	
	year="2018",
	
	
}

@article{ conf,
	author = "Kun Kuang and Peng Cui and Bo Li and Meng Jiang and Yashen Wang and  Fei Wang and Shiqiang Yang ",
	title = "Treatment Effect Estimation via Differentiated Confounder Balancing and Regression",
	journal = "ACM Transactions on Knowledge Discovery from Data (TKDD)",
	
	year = "2019",
	pages="1–25"
}

@article{kuang2020data,
	title={Data-driven variable decomposition for treatment effect estimation},
	author={Kuang, Kun and Cui, Peng and Zou, Hao and Li, Bo and Tao, Jianrong and Wu, Fei and Yang, Shiqiang},
	journal={IEEE Transactions on Knowledge and Data Engineering},
	year={2020}
}

@article{ Anpeng,
	author = "Anpeng Wu and Junkun Yuan and Kun Kuang and Bo Li and Runze Wu and Qiang Zhu and Yueting Zhuang and Fei Wu",
	title = "Learning Decomposed Representations for Treatment Effect Estimation",
	journal = "IEEE Transactions on Knowledge and Data Engineering",
	year = "2023"
}

@inproceedings{ Ortho,
	author = "Mingyuan Cheng and Xinru Liao and Quan Liu and Bin Ma and Jian Xu and Bo Zheng",
	title = "Learning Disentangled Representations for Counterfactual Regression via Mutual Information Minimization",
	booktitle = "ACM SIGIR Conference on Research and Development in Information Retrieval",
	year = "2022"
}

@article{Gunn,
	author = "Jeanne Brooks-Gunn and Fong-ruey Liaw and Pamela Kato Klebanov",
	title = "Effects of early intervention on cognitive function of low birth weight preterm infants",
	journal = "The Journal of Pediatrics",
	year = "1992"
}
@article{Hill,
	author = "Jennifer L. Hill",
	title = " Bayesian Nonparametric Modeling for Causal Inference",
	journal = "Journal of Computational and Graphical Statistics",
	year = "2011"
}
@article{ Rubin,
	author = "Donald B Rubin",
	title = "Causal inference using potential outcomes: Design, modeling, decisions",
	journal = "Journal of the American Statistical Association",
	year = "2005"
}

@article{Facco2017EstimatingTI,
	title={Estimating the intrinsic dimension of datasets by a minimal neighborhood information},
	author={Elena Facco and Maria d’Errico and Alex Rodriguez and Alessandro Laio},
	journal={Scientific Reports},
	year={2017},
	volume={7}
}

@inproceedings{Levina2004MaximumLE,
	title={Maximum Likelihood Estimation of Intrinsic Dimension},
	author={Elizaveta Levina and Peter J. Bickel},
	booktitle={Neural Information Processing Systems},
	year={2004}
}

@article{Gong2018OnTI,
	title={On the Intrinsic Dimensionality of Image Representations},
	author={Sixue Gong and Vishnu Naresh Boddeti and Anil K. Jain},
	journal={2019 IEEE/CVF Conference on Computer Vision and Pattern Recognition (CVPR)},
	year={2018},
	pages={3982-3991}
}

@inproceedings{Ansuini2019IntrinsicDO,
	title={Intrinsic dimension of data representations in deep neural networks},
	author={Alessio Ansuini and Alessandro Laio and Jakob H. Macke and Davide Zoccolan},
	booktitle={Neural Information Processing Systems},
	year={2019}
}

@article{pope2021intrinsic,
	title={The intrinsic dimension of images and its impact on learning},
	author={Pope, Phillip and Zhu, Chen and Abdelkader, Ahmed and Goldblum, Micah and Goldstein, Tom},
	journal={arXiv preprint arXiv:2104.08894},
	year={2021}
}

@misc{doersch2021tutorialvariationalautoencoders,
	title={Tutorial on Variational Autoencoders}, 
	author={Carl Doersch},
	year={2021},
	journal={arXiv preprint arXiv:1606.05908}
}

@InProceedings{Mai,
	author="Mai Ngoc, Kien and Hwang, Myunggwon",
	
	title="Finding the Best k for the Dimension of the Latent Space in Autoencoders",
	booktitle="Computational Collective Intelligence",
	year="2020",
	pages="453--464",
	
}

@unknown{FONDUE,
	author = {Bonheme, Lisa and Grzes, Marek},
	year = {2022},
	title = {FONDUE: an algorithm to find the optimal dimensionality of the latent representations of variational autoencoders},
	journal = {10.48550/arXiv.2209.12806}
}

@inproceedings{
	maddison2017the,
	title={The Concrete Distribution: A Continuous Relaxation of Discrete Random Variables},
	author={Chris J. Maddison and Andriy Mnih and Yee Whye Teh},
	booktitle={International Conference on Learning Representations},
	year={2017}
}

@inproceedings{ganite,
	title={GANITE: Estimation of individualized treatment effects using generative adversarial nets},
	author={Yoon, Jinsung and Jordon, James and Van Der Schaar, Mihaela},
	booktitle={International conference on learning representations},
	year={2018}
}


@inproceedings{lowe2022amortized,
	title={Amortized causal discovery: Learning to infer causal graphs from time-series data},
	author={L{\"o}we, Sindy and Madras, David and Zemel, Richard and Welling, Max},
	booktitle={Conference on Causal Learning and Reasoning},
	pages={509--525},
	year={2022},
	organization={PMLR}
}
@article{assumptions,
	
	author = {Donald B. Rubin},
	journal = {Journal of the American Statistical Association},
	number = {469},
	pages = {322--331},
	publisher = {[American Statistical Association, Taylor & Francis, Ltd.]},
	title = {Causal Inference Using Potential Outcomes: Design, Modeling, Decisions},
	volume = {100},
	year = {2005}
}
